@article{Vandal2018,
author = {Brent, Lexi and Jurisevic, Anton and Kong, Michael and Liu, Eric and Gauthier, Francois and Gramoli, Vincent and Holz, Ralph and Scholz, Bernhard},
journal = {arXiv},
title = {Vandal: A Scalable Security Analysis Framework for Smart Contracts},
year = {2018},
doi = {https://doi.org/10.48550/arXiv.1809.03981},
}
@inproceedings{Ethainter2020,
author = {Brent, Lexi and Grech, Neville and Lagouvardos, Sifis and Scholz, Bernhard and Smaragdakis, Yannis},
title = {Ethainter: A Smart Contract Security Analyzer for Composite Vulnerabilities},
year = {2020},
isbn = {9781450376136},
publisher = {Association for Computing Machinery},
address = {New York, NY, USA},
doi = {https://doi.org/10.1145/3385412.3385990},
booktitle = {Proceedings of the 41st ACM SIGPLAN Conference on Programming Language Design and Implementation},
pages = {454–469},
numpages = {16},
location = {London, UK},
series = {PLDI 2020}
}

@inproceedings{Osiris2018,
address = {New York, NY, USA},
author = {Ferreira Torres, Christof and Sch{\"{u}}tte, Julian and State, Radu},
booktitle = {Proceedings of the 34th Annual Computer Security Applications Conference},
doi = {10.1145/3274694.3274737},
isbn = {9781450365697},
month = {dec},
pages = {664--676},
publisher = {ACM},
title = {{Osiris}: Hunting for Integer Bugs in Ethereum Smart Contracts},
year = {2018}
}
@article{Madmax2018,
address = {New York, NY, USA},
author = {Grech, Neville and Kong, Michael and Jurisevic, Anton and Brent, Lexi and Scholz, Bernhard and Smaragdakis, Yannis},
doi = {https://doi.org/10.1145/3276486},
issn = {2475-1421},
journal = {Proceedings of the ACM on Programming Languages},
month = {oct},
number = {OOPSLA},
pages = {1--27},
publisher = {ACM},
title = {{MadMax}: Surviving out-of-gas conditions in Ethereum smart contracts},
volume = {2},
year = {2018}
}
@inproceedings{Teether2018,
address = {Baltimore, MD},
author = {Krupp, Johannes and Rossow, Christian},
booktitle = {27th {USENIX} Conference on Security Symposium ({USENIX} Security 18)},
isbn = {978-1-939133-04-5},
month = {aug},
pages = {1317--1333},
publisher = {USENIX Association},
series = {SEC' 18},
title = {{teEther}: Gnawing at Ethereum to Automatically Exploit Smart Contracts},
url = {\url{https://www.usenix.org/conference/usenixsecurity18/presentation/krupp}},
year = {2018}
}
@inproceedings{Mythril2018,
address = {Amsterdam, Netherlands},
author = {Mueller, Bernhard},
booktitle = {9th Annual HITB Security Conference (HITBSecConf)},
publisher = {HITB},
title = {Smashing ethereum smart contracts for fun and real profit},
url = {\url{https://raw.githubusercontent.com/b-mueller/smashing-smart-contracts/master/smashing-smart-contracts-1of1.pdf}},
year = {2018}
}
@inproceedings{Maian2018,
address = {New York, NY, USA},
author = {Nikoli{\'{c}}, Ivica and Kolluri, Aashish and Sergey, Ilya and Saxena, Prateek and Hobor, Aquinas},
booktitle = {Proceedings of the 34th Annual Computer Security Applications Conference},
doi = {https://doi.org/10.1145/3274694.3274743},
isbn = {9781450365697},
month = {dec},
pages = {653--663},
publisher = {ACM},
title = {Finding The Greedy, Prodigal, and Suicidal Contracts at Scale},
year = {2018}
}
@inbook{Ethor2020,
author = {Schneidewind, Clara and Grishchenko, Ilya and Scherer, Markus and Maffei, Matteo},
title = {{EThor}: Practical and Provably Sound Static Analysis of Ethereum Smart Contracts},
year = {2020},
isbn = {9781450370899},
publisher = {Association for Computing Machinery},
address = {New York, NY, USA},
doi = {https://doi.org/10.1145/3372297.3417250},
booktitle = {Proceedings of the 2020 ACM SIGSAC Conference on Computer and Communications Security},
pages = {621–640},
numpages = {20}
}
@inproceedings{Securify2018,
address = {New York, NY, USA},
author = {Tsankov, Petar and Dan, Andrei and Drachsler-Cohen, Dana and Gervais, Arthur and B{\"{u}}nzli, Florian and Vechev, Martin},
booktitle = {Proceedings of the 2018 ACM SIGSAC Conference on Computer and Communications Security},
doi = {https://doi.org/10.1145/3243734.3243780},
isbn = {9781450356930},
month = {oct},
pages = {67--82},
publisher = {ACM},
title = {{Securify}: Practical Security Analysis of Smart Contracts},
year = {2018}
}
@misc{Pakala2018,
  title = {{Pakala}: yet another EVM symbolic execution tool},
  author = {Korantin Auguste},
  year = {2018},
  howpublished = {\url{https://www.palkeo.com/en/projets/ethereum/pakala.html}},
  note = {Accessed: 2023-10-07}
}
@misc{Conkas2021,
   title = {{Conkas}: A Modular and Static Analysis Tool for Ethereum Bytecode},
   author = {Nuno Veloso},
   year = {2021},
   howpublished = {\url{https://fenix.tecnico.ulisboa.pt/downloadFile/1689244997262417/94080-Nuno-Veloso_resumo.pdf}},
  note = {Accessed: 2023-10-07}
}
@inproceedings{Oyente2016,
address = {New York, NY, USA},
author = {Luu, Loi and Chu, Duc-Hiep and Olickel, Hrishi and Saxena, Prateek and Hobor, Aquinas},
booktitle = {Proceedings of the 2016 ACM SIGSAC Conference on Computer and Communications Security},
doi = {https://doi.org/10.1145/2976749.2978309},
isbn = {9781450341394},
issn = {15437221},
month = {oct},
pages = {254--269},
publisher = {ACM},
title = {Making Smart Contracts Smarter},
year = {2016}
}

@INPROCEEDINGS{SmartCheck2018,
  author={Tikhomirov, Sergei and Voskresenskaya, Ekaterina and Ivanitskiy, Ivan and Takhaviev, Ramil and Marchenko, Evgeny and Alexandrov, Yaroslav},
  booktitle={2018 IEEE/ACM 1st International Workshop on Emerging Trends in Software Engineering for Blockchain (WETSEB)}, 
  title={SmartCheck: Static Analysis of Ethereum Smart Contracts}, 
  year={2018},
  pages={9-16}}

@article{Chen2020,
author = {Chen, Huashan and Pendleton, Marcus and Njilla, Laurent and Xu, Shouhuai},
doi = {https://doi.org/10.1145/3391195},
issn = {0360-0300},
journal = {ACM Computing Surveys},
month = {jul},
number = {3},
pages = {1--43},
title = {A Survey on Ethereum Systems Security},
volume = {53},
year = {2020}
}

@article{Khan2020,
  author       = {Zulfiqar Ali Khan and
                  Akbar Siami Namin},
  title        = {A Survey on Vulnerabilities of Ethereum Smart Contracts},
  journal      = {CoRR},
  volume       = {abs/2012.14481},
  year         = {2020},
  url          = {https://arxiv.org/abs/2012.14481}
}

@inproceedings {Perez2021,
author = {Daniel Perez and Benjamin Livshits},
title = {Smart Contract Vulnerabilities: Vulnerable Does Not Imply Exploited},
booktitle = {30th USENIX Security Symposium (USENIX Security 21)},
year = {2021},
isbn = {978-1-939133-24-3},
pages = {1325--1341},
url = {\url{https://www.usenix.org/conference/usenixsecurity21/presentation/perez}},
publisher = {USENIX Association},
month = aug
}

@article{Vidal2023,
  author       = {Fernando Richter Vidal and
                  Naghmeh Ivaki and
                  Nuno Laranjeiro},
  title        = {{OpenSCV}: {An} Open Hierarchical Taxonomy for Smart Contract Vulnerabilities},
  journal      = {CoRR},
  volume       = {abs/2303.14523},
  year         = {2023},
  url          = {https://doi.org/10.48550/arXiv.2303.14523},
  doi          = {10.48550/arXiv.2303.14523}
}


@article{Chen2023,
  author       = {Jiachi Chen and
                  Mingyuan Huang and
                  Zewei Lin and
                  Peilin Zheng and
                  Zibin Zheng},
  title        = {To Healthier Ethereum: {A} Comprehensive and Iterative Smart Contract
                  Weakness Enumeration},
  journal      = {CoRR},
  volume       = {abs/2308.10227},
  year         = {2023},
  url          = {https://doi.org/10.48550/arXiv.2308.10227},
  doi          = {10.48550/arXiv.2308.10227}
}

@InProceedings{Gill2023,
author="Gill, Puneet
and Ray, Indrani
and Takami, Alireza Lotfi
and Tripunitara, Mahesh",
editor="Jourdan, Guy-Vincent
and Mounier, Laurent
and Adams, Carlisle
and S{\`e}des, Florence
and Garcia-Alfaro, Joaquin",
title="Finding Unchecked Low-Level Calls with Zero False Positives and Negatives in Ethereum Smart Contracts",
booktitle="Foundations and Practice of Security",
year="2023",
publisher="Springer Nature Switzerland",
address="Cham",
pages="305--321",
isbn="978-3-031-30122-3"
}

@inproceedings {Gritti2023,
author = {Fabio Gritti and Nicola Ruaro and Robert McLaughlin and Priyanka Bose and Dipanjan Das and Ilya Grishchenko and Christopher Kruegel and Giovanni Vigna},
title = {Confusum Contractum: Confused Deputy Vulnerabilities in Ethereum Smart Contracts},
booktitle = {32nd USENIX Security Symposium (USENIX Security 23)},
year = {2023},
isbn = {978-1-939133-37-3},
address = {Anaheim, CA},
pages = {1793--1810},
url = {\url{https://www.usenix.org/conference/usenixsecurity23/presentation/gritti}},
publisher = {USENIX Association},
month = aug
}

@ARTICLE{Zhang2023,
  author={Zhang, Wuqi and Wei, Lili and Cheung, Shing-Chi and Liu, Yepang and Li, Shuqing and Liu, Lu and Lyu, Michael R.},
  journal={IEEE Transactions on Software Engineering}, 
  title={Combatting Front-Running in Smart Contracts: Attack Mining, Benchmark Construction and Vulnerability Detector Evaluation}, 
  year={2023},
  volume={49},
  number={6},
  pages={3630-3646},
  doi={10.1109/TSE.2023.3270117}}


@ARTICLE {Qian2023,
author = {P. Qian and J. He and L. Lu and S. Wu and Z. Lu and L. Wu and Y. Zhou and Q. He},
journal = {IEEE Transactions on Software Engineering},
title = {Demystifying Random Number in Ethereum Smart Contract: Taxonomy, Vulnerability Identification, and Attack Detection},
year = {2023},
volume = {49},
number = {07},
issn = {1939-3520},
pages = {3793-3810},
doi = {10.1109/TSE.2023.3271417},
publisher = {IEEE Computer Society},
address = {Los Alamitos, CA, USA},
month = {jul}
}

@article{Li2022,
  author       = {Zhaoxuan Li and
                  Siqi Lu and
                  Rui Zhang and
                  Rui Xue and
                  Wenqiu Ma and
                  Rujin Liang and
                  Ziming Zhao and
                  Sheng Gao},
  title        = {SmartFast: an accurate and robust formal analysis tool for Ethereum
                  smart contracts},
  journal      = {Empir. Softw. Eng.},
  volume       = {27},
  number       = {7},
  pages        = {197},
  year         = {2022},
  url          = {https://doi.org/10.1007/s10664-022-10218-2},
  doi          = {10.1007/s10664-022-10218-2}
}


@inproceedings{Liao2023,
author = {Liao, Zeqin and Hao, Sicheng and Nan, Yuhong and Zheng, Zibin},
title = {SmartState: Detecting State-Reverting Vulnerabilities in Smart Contracts via Fine-Grained State-Dependency Analysis},
year = {2023},
isbn = {9798400702211},
publisher = {Association for Computing Machinery},
address = {New York, NY, USA},
url = {https://doi.org/10.1145/3597926.3598111},
doi = {10.1145/3597926.3598111},
booktitle = {Proceedings of the 32nd ACM SIGSOFT International Symposium on Software Testing and Analysis},
pages = {980–991},
numpages = {12},
keywords = {bug finding, static analysis, state dependency, smart contract},
location = {Seattle, WA, USA},
series = {ISSTA 2023}
}

@inproceedings{Ballesteros2022,
  author       = {Ignacio Ballesteros and
                  Clara Benac Earle and
                  Luis Eduardo Bueso de Barrio and
                  Lars{-}{\AA}ke Fredlund and
                  {\'{A}}ngel Herranz and
                  Julio Mari{\~{n}}o},
  editor       = {Zaynah Dargaye and
                  Clara Schneidewind},
  title        = {Automatic Generation of Attacker Contracts in Solidity},
  booktitle    = {4th International Workshop on Formal Methods for Blockchains, FMBC@CAV
                  2022, August 11, 2022, Haifa, Israel},
  series       = {OASIcs},
  volume       = {105},
  pages        = {3:1--3:14},
  publisher    = {Schloss Dagstuhl - Leibniz-Zentrum f{\"{u}}r Informatik},
  year         = {2022},
  url          = {https://doi.org/10.4230/OASIcs.FMBC.2022.3},
  doi          = {10.4230/OASIcs.FMBC.2022.3}
}
