@article{Vandal2018,
author = {Brent, Lexi and Jurisevic, Anton and Kong, Michael and Liu, Eric and Gauthier, Francois and Gramoli, Vincent and Holz, Ralph and Scholz, Bernhard},
journal = {arXiv},
title = {Vandal: A Scalable Security Analysis Framework for Smart Contracts},
year = {2018},
doi = {https://doi.org/10.48550/arXiv.1809.03981},
}

